%%%%%%%%%%%%%%%%%%%%%%%%%%%%%%%%%%%%%%%%%%%%%%%%%%%%%%%%%%%%%%%%%%%%%
% File Name:       imta_documentation_bibliography.tex
%
% Description:     Bibliography for the documentation of the IMT Atlantique
%				   LaTeX template.
%
% Note:            /
%
% Limitations:     /
%
% Errors:          None known
%
% Dependencies:    /
%
% Author:          B. Porteboeuf - benoit.porteboeuf@telecom-bretagne.eu
% Contributors:    A. Foucault - armand.foucault@telecom-bretagne.eu
%
% University :  IMT Atlantique, Brest (France)
%
% TeX Environment: TeXLive + pdfLaTeX
%%%%%%%%%%%%%%%%%%%%%%%%%%%%%%%%%%%%%%%%%%%%%%%%%%%%%%%%%%%%%%%%%%%%

%%% A FEW EXAMPLES %%%
%
%@book{<label>,
%	author = {<name1> and <name2> and <name3>},
%	title = {<title>},
%	subtitle = {<subtitle>},
%	date = {<year-month-day>},
%	editor = {<editor>},
%	location = {<location>},
%	isbn = {<isbn>},
%	keywords = {<keyword>}
%}
%
%@online{<label>,
%	author = {<author>},
%	title = {<title>},
%	url = {<url>},
%	urldate = {<year-month-date>},
%	keywords = {<keyword>}
%}
%
%@article{<label>,
%    author = {<name>},
%    title = {<title>},
%    journaltitle = {<title>},
%    date = {<year-month-day>},
%    volume = {<number>},
%    number = {<number>},
%    url = {<url>},
%    urldate = {<year-month-day>},
%    keywords = {<keyword>}
%}



%%% BIBLIOGRAPHY %%%



@online{updatingMikTeX,
	author = {TeX Stack Exchange},
	title = {General Guide to Installing Packages with MikTeX Package Manager},
	date = {2017},
	url = {https://tex.stackexchange.com/a/359851},
	urldate = {2017-18-14},
	keywords = {}
}


@online{charteGraphique,
	author = {IMT Atlantique},
	title = {Charte Graphique},
	date = {2017},
	url = {https://intranet.imt-atlantique.fr/wp-content/uploads/2017/01/imt_atlantique_chartegraphique.pdf},
	urldate = {2017-18-14},
	keywords = {com}
}



%%%%%%%%%% END %%%%%%%%%% 
%%%%%%%%%%%%%%%%%%%%%%%%% 
